@book{baskharone2006principles,
  title={Principles of turbomachinery in air-breathing engines},
  author={Baskharone, Erian A.},
  year={2006},
  publisher={Cambridge University Press}
}

@inproceedings{manfredi2020transonic,
  title={Transonic Axial Compressors Loss Correlations: Part Iâ€”Analysis and Update of Loss Models},
  author={Manfredi, Marco and Fontaneto, Fabrizio},
  booktitle={Turbo Expo: Power for Land, Sea, and Air},
  volume={84065},
  pages={V02AT32A029},
  year={2020},
  organization={American Society of Mechanical Engineers}
}

@article{axial2004,
  title={Axial-Flow Compressors: a Strategy for Aerodynamic Design and Analysis},
  author={Aungier, Ronald H.},
  journal={Appl. Mech. Rev.},
  volume={57},
  number={4},
  year={2004}
}

